@inproceedings{kipf2017semi,
  title={Semi-Supervised Classification with Graph Convolutional Networks},
  author={Kipf, Thomas N. and Welling, Max},
  booktitle={International Conference on Learning Representations (ICLR)},
  year={2017}
}

@article{berg2017graph,
  title={Graph convolutional matrix completion},
  author={Berg, Rianne van den and Kipf, Thomas N and Welling, Max},
  journal={arXiv preprint arXiv:1706.02263},
  year={2017}
}

@inproceedings{zhang2017weisfeiler,
  title={Weisfeiler-lehman neural machine for link prediction},
  author={Zhang, Muhan and Chen, Yixin},
  booktitle={Proceedings of the 23rd ACM SIGKDD International Conference on Knowledge Discovery and Data Mining},
  pages={575--583},
  year={2017}
}

@inproceedings{velickovic2018graph,
title={Graph Attention Networks},
author={Petar Velickovic and Guillem Cucurull and Arantxa Casanova and Adriana Romero and Pietro Lio and Yoshua Bengio},
booktitle={International Conference on Learning Representations},
year={2018}
}

@inproceedings{defferrard2016convolutional,
  title={Convolutional neural networks on graphs with fast localized spectral filtering},
  author={Defferrard, Micha{\"e}l and Bresson, Xavier and Vandergheynst, Pierre},
  booktitle={Advances in neural information processing systems},
  pages={3844--3852},
  year={2016}
}

@inproceedings{lian2017finite,
  title={Finite-sum composition optimization via variance reduced gradient descent},
  author={Lian, Xiangru and Wang, Mengdi and Liu, Ji},
  booktitle={Artificial Intelligence and Statistics},
  pages={1159--1167},
  year={2017}
}

@article{wang2017accelerating,
  title={Accelerating stochastic composition optimization},
  author={Wang, Mengdi and Liu, Ji and Fang, Ethan X},
  journal={The Journal of Machine Learning Research},
  volume={18},
  number={1},
  pages={3721--3743},
  year={2017},
  publisher={JMLR. org}
}

@inproceedings{wang2016stochastic,
  title={A stochastic compositional gradient method using Markov samples},
  author={Wang, Mengdi and Liu, Ji},
  booktitle={2016 Winter Simulation Conference (WSC)},
  pages={702--713},
  year={2016},
  organization={IEEE}
}

@article{li2018near,
  title={Near-optimal stochastic approximation for online principal component estimation},
  author={Li, Chris Junchi and Wang, Mengdi and Liu, Han and Zhang, Tong},
  journal={Mathematical Programming},
  volume={167},
  number={1},
  pages={75--97},
  year={2018},
  publisher={Springer}
}

@article{wang2017stochastic,
  title={Stochastic compositional gradient descent: algorithms for minimizing compositions of expected-value functions},
  author={Wang, Mengdi and Fang, Ethan X and Liu, Han},
  journal={Mathematical Programming},
  volume={161},
  number={1-2},
  pages={419--449},
  year={2017},
  publisher={Springer}
}

@ARTICLE {msp,
    author  = "Yu. Ermoliev",
    title   = "Methods of Stochastic Programming",
    journal = "Monographs in Optimization and OR",
    year    = "1976",
    note    = "In Russian"
}

@article{jiang2020adaptive,
  title={Adaptive Periodic Averaging: A Practical Approach to Reducing Communication in Distributed Learning},
  author={Jiang, Peng and Agrawal, Gagan},
  journal={arXiv preprint arXiv:2007.06134},
  year={2020}
}

@inproceedings{akter2020weightgrad,
  title={WeightGrad: Geo-Distributed Data Analysis Using Quantization for Faster Convergence and Better Accuracy},
  author={Akter, Syeda Nahida and Adnan, Muhammad Abdullah},
  booktitle={Proceedings of the 26th ACM SIGKDD International Conference on Knowledge Discovery \& Data Mining},
  pages={546--556},
  year={2020}
}

@inproceedings{yu2019double,
  title={Double quantization for communication-efficient distributed optimization},
  author={Yu, Yue and Wu, Jiaxiang and Huang, Longbo},
  booktitle={Advances in Neural Information Processing Systems},
  pages={4438--4449},
  year={2019}
}

@inproceedings{sun2019communication,
  title={Communication-efficient distributed learning via lazily aggregated quantized gradients},
  author={Sun, Jun and Chen, Tianyi and Giannakis, Georgios and Yang, Zaiyue},
  booktitle={Advances in Neural Information Processing Systems},
  pages={3370--3380},
  year={2019}
}

@inproceedings{shi2019convergence,
  title={A Convergence Analysis of Distributed SGD with Communication-Efficient Gradient Sparsification.},
  author={Shi, Shaohuai and Zhao, Kaiyong and Wang, Qiang and Tang, Zhenheng and Chu, Xiaowen},
  booktitle={IJCAI},
  pages={3411--3417},
  year={2019}
}

@article{li2020federated,
  title={Federated optimization in heterogeneous networks},
  author={Li, Tian and Sahu, Anit Kumar and Zaheer, Manzil and Sanjabi, Maziar and Talwalkar, Ameet and Smith, Virginia},
  journal={Proceedings of Machine Learning and Systems},
  volume={2},
  pages={429--450},
  year={2020}
}

@article{yu2019computation,
  title={On the computation and communication complexity of parallel SGD with dynamic batch sizes for stochastic non-convex optimization},
  author={Yu, Hao and Jin, Rong},
  journal={arXiv preprint arXiv:1905.04346},
  year={2019}
}

@article{yu2019linear,
  title={On the linear speedup analysis of communication efficient momentum sgd for distributed non-convex optimization},
  author={Yu, Hao and Jin, Rong and Yang, Sen},
  journal={arXiv preprint arXiv:1905.03817},
  year={2019}
}

@inproceedings{tang2019doublesqueeze,
  title={Doublesqueeze: Parallel stochastic gradient descent with double-pass error-compensated compression},
  author={Tang, Hanlin and Yu, Chen and Lian, Xiangru and Zhang, Tong and Liu, Ji},
  booktitle={International Conference on Machine Learning},
  pages={6155--6165},
  year={2019},
  organization={PMLR}
}

@article{karypis1998fast,
  title={A fast and high quality multilevel scheme for partitioning irregular graphs},
  author={Karypis, George and Kumar, Vipin},
  journal={SIAM Journal on scientific Computing},
  volume={20},
  number={1},
  pages={359--392},
  year={1998},
  publisher={SIAM}
}

@inproceedings{ng2018bayesian,
  title={Bayesian semi-supervised learning with graph gaussian processes},
  author={Ng, Yin Cheng and Colombo, Nicol{\`o} and Silva, Ricardo},
  booktitle={Advances in Neural Information Processing Systems},
  pages={1683--1694},
  year={2018}
}

@article{hammond2011wavelets,
  title={Wavelets on graphs via spectral graph theory},
  author={Hammond, David K and Vandergheynst, Pierre and Gribonval, R{\'e}mi},
  journal={Applied and Computational Harmonic Analysis},
  volume={30},
  number={2},
  pages={129--150},
  year={2011},
  publisher={Elsevier}
}

@article{henaff2015deep,
  title={Deep convolutional networks on graph-structured data},
  author={Henaff, Mikael and Bruna, Joan and LeCun, Yann},
  journal={arXiv preprint arXiv:1506.05163},
  year={2015}
}

@inproceedings{zhang2018link,
  title={Link prediction based on graph neural networks},
  author={Zhang, Muhan and Chen, Yixin},
  booktitle={Advances in Neural Information Processing Systems},
  pages={5165--5175},
  year={2018}
}

@article{bruna2013spectral,
  title={Spectral networks and locally connected networks on graphs},
  author={Bruna, Joan and Zaremba, Wojciech and Szlam, Arthur and LeCun, Yann},
  journal={arXiv preprint arXiv:1312.6203},
  year={2013}
}

@inproceedings{bell2009implementing,
  title={Implementing sparse matrix-vector multiplication on throughput-oriented processors},
  author={Bell, Nathan and Garland, Michael},
  booktitle={Proceedings of the conference on high performance computing networking, storage and analysis},
  pages={1--11},
  year={2009}
}

@inproceedings{zhu2016gemini,
  title={Gemini: A computation-centric distributed graph processing system},
  author={Zhu, Xiaowei and Chen, Wenguang and Zheng, Weimin and Ma, Xiaosong},
  booktitle={12th $\{$USENIX$\}$ Symposium on Operating Systems Design and Implementation ($\{$OSDI$\}$ 16)},
  pages={301--316},
  year={2016}
}

@inproceedings{roy2013x,
  title={X-stream: Edge-centric graph processing using streaming partitions},
  author={Roy, Amitabha and Mihailovic, Ivo and Zwaenepoel, Willy},
  booktitle={Proceedings of the Twenty-Fourth ACM Symposium on Operating Systems Principles},
  pages={472--488},
  year={2013}
}

@misc{tensorflow2015-whitepaper,
title={ {TensorFlow}: Large-Scale Machine Learning on Heterogeneous Systems},
url={https://www.tensorflow.org/},
note={Software available from tensorflow.org},
author={
    Mart\'{\i}n~Abadi and
    Ashish~Agarwal and
    Paul~Barham and
    Eugene~Brevdo and
   others},
  year={2015},
}

@article{chen2015mxnet,
  title={Mxnet: A flexible and efficient machine learning library for heterogeneous distributed systems},
  author={Chen, Tianqi and Li, Mu and Li, Yutian and Lin, Min and Wang, Naiyan and Wang, Minjie and Xiao, Tianjun and Xu, Bing and Zhang, Chiyuan and Zhang, Zheng},
  journal={arXiv preprint arXiv:1512.01274},
  year={2015}
}

@inproceedings{paszke2019pytorch,
  title={Pytorch: An imperative style, high-performance deep learning library},
  author={Paszke, Adam and Gross, Sam and Massa, Francisco and Lerer, Adam and Bradbury, James and Chanan, Gregory and Killeen, Trevor and Lin, Zeming and Gimelshein, Natalia and Antiga, Luca and others},
  booktitle={Advances in neural information processing systems},
  pages={8026--8037},
  year={2019}
}

@inproceedings{prabhakaran2012managing,
  title={Managing large graphs on multi-cores with graph awareness},
  author={Prabhakaran, Vijayan and Wu, Ming and Weng, Xuetian and McSherry, Frank and Zhou, Lidong and Haradasan, Maya},
  booktitle={Presented as part of the 2012 $\{$USENIX$\}$ Annual Technical Conference ($\{$USENIX$\}$$\{$ATC$\}$ 12)},
  pages={41--52},
  year={2012}
}

@article{wei2020distributed,
  title={A Distributed Multi-GPU System for Large-Scale Node Embedding at Tencent},
  author={Wei, Wanjing and Wang, Yangzihao and Gao, Pin and Sun, Shijie and Yu, Donghai},
  journal={arXiv preprint arXiv:2005.13789},
  year={2020}
}

@article{low2012distributed,
  title={Distributed graphlab: A framework for machine learning in the cloud},
  author={Low, Yucheng and Gonzalez, Joseph and Kyrola, Aapo and Bickson, Danny and Guestrin, Carlos and Hellerstein, Joseph M},
  journal={arXiv preprint arXiv:1204.6078},
  year={2012}
}

@inproceedings{yang2018design,
  title={Design principles for sparse matrix multiplication on the gpu},
  author={Yang, Carl and Bulu{\c{c}}, Ayd{\i}n and Owens, John D},
  booktitle={European Conference on Parallel Processing},
  pages={672--687},
  year={2018},
  organization={Springer}
}

@inproceedings{gonzalez2014graphx,
  title={Graphx: Graph processing in a distributed dataflow framework},
  author={Gonzalez, Joseph E and Xin, Reynold S and Dave, Ankur and Crankshaw, Daniel and Franklin, Michael J and Stoica, Ion},
  booktitle={11th $\{$USENIX$\}$ Symposium on Operating Systems Design and Implementation ($\{$OSDI$\}$ 14)},
  pages={599--613},
  year={2014}
}

@inproceedings{gonzalez2012powergraph,
  title={Powergraph: Distributed graph-parallel computation on natural graphs},
  author={Gonzalez, Joseph E and Low, Yucheng and Gu, Haijie and Bickson, Danny and Guestrin, Carlos},
  booktitle={Presented as part of the 10th $\{$USENIX$\}$ Symposium on Operating Systems Design and Implementation ($\{$OSDI$\}$ 12)},
  pages={17--30},
  year={2012}
}

@article{chen2019powerlyra,
  title={Powerlyra: Differentiated graph computation and partitioning on skewed graphs},
  author={Chen, Rong and Shi, Jiaxin and Chen, Yanzhe and Zang, Binyu and Guan, Haibing and Chen, Haibo},
  journal={ACM Transactions on Parallel Computing (TOPC)},
  volume={5},
  number={3},
  pages={1--39},
  year={2019},
  publisher={ACM New York, NY, USA}
}

@inproceedings{zhang2016exploring,
  title={Exploring the hidden dimension in graph processing},
  author={Zhang, Mingxing and Wu, Yongwei and Chen, Kang and Qian, Xuehai and Li, Xue and Zheng, Weimin},
  booktitle={12th $\{$USENIX$\}$ Symposium on Operating Systems Design and Implementation ($\{$OSDI$\}$ 16)},
  pages={285--300},
  year={2016}
}

@article{tian2013think,
  title={From" think like a vertex" to" think like a graph"},
  author={Tian, Yuanyuan and Balmin, Andrey and Corsten, Severin Andreas and Tatikonda, Shirish and McPherson, John},
  journal={Proceedings of the VLDB Endowment},
  volume={7},
  number={3},
  pages={193--204},
  year={2013},
  publisher={VLDB Endowment}
}

@inproceedings{duran2017learning,
  title={Learning graph representations with embedding propagation},
  author={Duran, Alberto Garcia and Niepert, Mathias},
  booktitle={Advances in neural information processing systems},
  pages={5119--5130},
  year={2017}
}

@inproceedings{hong2019adaptive,
  title={Adaptive sparse tiling for sparse matrix multiplication},
  author={Hong, Changwan and Sukumaran-Rajam, Aravind and Nisa, Israt and Singh, Kunal and Sadayappan, P},
  booktitle={Proceedings of the 24th Symposium on Principles and Practice of Parallel Programming},
  pages={300--314},
  year={2019}
}

@article{kingma2014adam,
  title={Adam: A method for stochastic optimization},
  author={Kingma, Diederik P and Ba, Jimmy},
  journal={arXiv preprint arXiv:1412.6980},
  year={2014}
}


@inproceedings{
xu2018how,
title={How Powerful are Graph Neural Networks?},
author={Keyulu Xu and Weihua Hu and Jure Leskovec and Stefanie Jegelka},
booktitle={International Conference on Learning Representations},
year={2019}
}

@article{cong2021importance,
  title={On the Importance of Sampling in Learning Graph Convolutional Networks},
  author={Cong, Weilin and Ramezani, Morteza and Mahdavi, Mehrdad},
  journal={arXiv preprint arXiv:2103.02696},
  year={2021}
}


@article{lin2017deep,
  title={Deep gradient compression: Reducing the communication bandwidth for distributed training},
  author={Lin, Yujun and Han, Song and Mao, Huizi and Wang, Yu and Dally, William J},
  journal={arXiv preprint arXiv:1712.01887},
  year={2017}
}

@inproceedings{wen2017terngrad,
  title={Terngrad: Ternary gradients to reduce communication in distributed deep learning},
  author={Wen, Wei and Xu, Cong and Yan, Feng and Wu, Chunpeng and Wang, Yandan and Chen, Yiran and Li, Hai},
  booktitle={Advances in neural information processing systems},
  pages={1509--1519},
  year={2017}
}

@inproceedings{10.14778/3415478.3415539,
author = {Zhang, Dalong and Huang, Xin and Liu, Ziqi and Zhou, Jun and Hu, Zhiyang and Song, Xianzheng and Ge, Zhibang and Wang, Lin and Zhang, Zhiqiang and Qi, Yuan},
title = {AGL: A Scalable System for Industrial-Purpose Graph Machine Learning},
year = {2020},
booktitle = {VLDB Endowment},
pages = {3125–3137},
}

@article{tang2019chebnet,
  title={ChebNet: Efficient and Stable Constructions of Deep Neural Networks with Rectified Power Units using Chebyshev Approximations},
  author={Tang, Shanshan and Li, Bo and Yu, Haijun},
  journal={arXiv preprint arXiv:1911.05467},
  year={2019}
}

@inproceedings{alistarh2017qsgd,
  title={QSGD: Communication-efficient SGD via gradient quantization and encoding},
  author={Alistarh, Dan and Grubic, Demjan and Li, Jerry and Tomioka, Ryota and Vojnovic, Milan},
  booktitle={Advances in Neural Information Processing Systems},
  pages={1709--1720},
  year={2017}
}

@article{wang2019deep,
  title={Deep graph library: Towards efficient and scalable deep learning on graphs},
  author={Wang, Minjie and Yu, Lingfan and Zheng, Da and Gan, Quan and Gai, Yu and Ye, Zihao and Li, Mufei and Zhou, Jinjing and Huang, Qi and Ma, Chao and others},
  journal={arXiv preprint arXiv:1909.01315},
  year={2019}
}


@article{yang2019aligraph,
author = {Zhu, Rong and Zhao, Kun and Yang, Hongxia and Lin, Wei and Zhou, Chang and Ai, Baole and Li, Yong and Zhou, Jingren},
title = {AliGraph: A Comprehensive Graph Neural Network Platform},
year = {2019},
journal = {Proc. VLDB Endow.},
pages = {2094–2105}
}

@inproceedings{pareja2020evolvegcn,
  title={EvolveGCN: Evolving Graph Convolutional Networks for Dynamic Graphs.},
  author={Pareja, Aldo and Domeniconi, Giacomo and Chen, Jie and Ma, Tengfei and Suzumura, Toyotaro and Kanezashi, Hiroki and Kaler, Tim and Schardl, Tao B and Leiserson, Charles E},
  booktitle={AAAI},
  pages={5363--5370},
  year={2020}
}

@article{rossi2020temporal,
  title={Temporal Graph Networks for Deep Learning on Dynamic Graphs},
  author={Rossi, Emanuele and Chamberlain, Ben and Frasca, Fabrizio and Eynard, Davide and Monti, Federico and Bronstein, Michael},
  journal={arXiv preprint arXiv:2006.10637},
  year={2020}
}

@inproceedings{
Zeng2020GraphSAINT,
title={GraphSAINT: Graph Sampling Based Inductive Learning Method},
author={Hanqing Zeng and Hongkuan Zhou and Ajitesh Srivastava and Rajgopal Kannan and Viktor Prasanna},
booktitle={International Conference on Learning Representations},
year={2020}
}

@inproceedings{cong2020minimal,
  title={Minimal Variance Sampling with Provable Guarantees for Fast Training of Graph Neural Networks},
  author={Cong, Weilin and Forsati, Rana and Kandemir, Mahmut and Mahdavi, Mehrdad},
  booktitle={Proceedings of the 26th ACM SIGKDD International Conference on Knowledge Discovery \& Data Mining},
  pages={1393--1403},
  year={2020}
}

@inproceedings{chiang2019cluster,
  title={Cluster-GCN: An efficient algorithm for training deep and large graph convolutional networks},
  author={Chiang, Wei-Lin and Liu, Xuanqing and Si, Si and Li, Yang and Bengio, Samy and Hsieh, Cho-Jui},
  booktitle={Proceedings of the 25th ACM SIGKDD International Conference on Knowledge Discovery \& Data Mining},
  pages={257--266},
  year={2019}
}

@article{zhou2018graph,
  title={Graph neural networks: A review of methods and applications},
  author={Zhou, Jie and Cui, Ganqu and Zhang, Zhengyan and Yang, Cheng and Liu, Zhiyuan and Wang, Lifeng and Li, Changcheng and Sun, Maosong},
  journal={arXiv preprint arXiv:1812.08434},
  year={2018}
}

@inproceedings{
anonymous2021communicationefficient,
title={Communication-Efficient Sampling for Distributed Training of Graph Convolutional Networks},
author={Anonymous},
booktitle={Submitted to International Conference on Learning Representations},
year={2021},
url={https://openreview.net/forum?id=xtKFuhfK1tK},
note={under review}
}

@inproceedings{
anonymous2021on,
title={On the Importance of Sampling in Training {\{}GCN{\}}s: Convergence Analysis and Variance Reduction},
author={Anonymous},
booktitle={Submitted to International Conference on Learning Representations},
year={2021},
url={https://openreview.net/forum?id=Oq79NOiZB1H},
note={under review}
}

@inproceedings{AAAI1816642,
	author = {Ruoyu Li and Sheng Wang and Feiyun Zhu and Junzhou Huang},
	title = {Adaptive Graph Convolutional Neural Networks},
	booktitle = {AAAI Conference on Artificial Intelligence},
	year = {2018}
}

@article{chen2020solving,
  title={Solving Stochastic Compositional Optimization is Nearly as Easy as Solving Stochastic Optimization},
  author={Chen, Tianyi and Sun, Yuejiao and Yin, Wotao},
  journal={arXiv preprint arXiv:2008.10847},
  year={2020}
}

@article{balasubramanian2020stochastic,
  title={Stochastic Multi-level Composition Optimization Algorithms with Level-Independent Convergence Rates},
  author={Balasubramanian, Krishnakumar and Ghadimi, Saeed and Nguyen, Anthony},
  journal={arXiv preprint arXiv:2008.10526},
  year={2020}
}

@article{zhang2019multi,
  title={Multi-level composite stochastic optimization via nested variance reduction},
  author={Zhang, Junyu and Xiao, Lin},
  journal={arXiv preprint arXiv:1908.11468},
  year={2019}
}

@article{yang2019multilevel,
  title={Multilevel stochastic gradient methods for nested composition optimization},
  author={Yang, Shuoguang and Wang, Mengdi and Fang, Ethan X},
  journal={SIAM Journal on Optimization},
  volume={29},
  number={1},
  pages={616--659},
  year={2019},
  publisher={SIAM}
}

@inproceedings{huang2018adaptive,
  title={Adaptive sampling towards fast graph representation learning},
  author={Huang, Wenbing and Zhang, Tong and Rong, Yu and Huang, Junzhou},
  booktitle={Advances in neural information processing systems},
  pages={4558--4567},
  year={2018}
}

@inproceedings{mislove-2007-socialnetworks,
  author = {Alan Mislove and Massimiliano Marcon and Krishna P. Gummadi and Peter Druschel and Bobby Bhattacharjee},
  title = {{Measurement and Analysis of Online Social Networks}},
  booktitle = {Proceedings of the 5th ACM/Usenix Internet Measurement Conference (IMC'07)},
  address = {San Diego, CA},
  month = {October},
  year = {2007}
}

@article{sen2008collective,
  title={Collective classification in network data},
  author={Sen, Prithviraj and Namata, Galileo and Bilgic, Mustafa and Getoor, Lise and Galligher, Brian and Eliassi-Rad, Tina},
  journal={AI magazine},
  volume={29},
  number={3},
  pages={93--93},
  year={2008}
}

@article{li2020distance,
  title={Distance Encoding--Design Provably More Powerful GNNs for Structural Representation Learning},
  author={Li, Pan and Wang, Yanbang and Wang, Hongwei and Leskovec, Jure},
  journal={arXiv preprint arXiv:2009.00142},
  year={2020}
}


@inproceedings{Fey2019,
  title={Fast Graph Representation Learning with {PyTorch Geometric}},
  author={Fey, Matthias and Lenssen, Jan E.},
  booktitle={ICLR Workshop on Representation Learning on Graphs and Manifolds},
  year={2019},
}


@inproceedings{zou2019layer,
  title={Layer-Dependent Importance Sampling for Training Deep and Large Graph Convolutional Networks},
  author={Zou, Difan and Hu, Ziniu and Wang, Yewen and Jiang, Song and Sun, Yizhou and Gu, Quanquan},
  booktitle={Advances in Neural Information Processing Systems},
  pages={11249--11259},
  year={2019}
}

@inproceedings{
chen2018fastgcn,
title={Fast{GCN}: Fast Learning with Graph Convolutional Networks via Importance Sampling},
author={Jie Chen and Tengfei Ma and Cao Xiao},
booktitle={International Conference on Learning Representations},
year={2018},
}

@inproceedings{you2018graph,
  title={Graph convolutional policy network for goal-directed molecular graph generation},
  author={You, Jiaxuan and Liu, Bowen and Ying, Zhitao and Pande, Vijay and Leskovec, Jure},
  booktitle={Advances in neural information processing systems},
  pages={6410--6421},
  year={2018}
}

@inproceedings{ma2019neugraph,
  title={Neugraph: parallel deep neural network computation on large graphs},
  author={Ma, Lingxiao and Yang, Zhi and Miao, Youshan and Xue, Jilong and Wu, Ming and Zhou, Lidong and Dai, Yafei},
  booktitle={2019 $\{$USENIX$\}$ Annual Technical Conference ($\{$USENIX$\}$$\{$ATC$\}$ 19)},
  pages={443--458},
  year={2019}
}

@misc{torchextension,
title="Custom C++ and CUDA Extensions",
author = "Peter Goldsborough",
year="2021",
url="https://pytorch.org/tutorials/advanced/cpp_extension.html"
}

@MISC{cusparse,
title="The API reference guide for cuSPARSE, the CUDA sparse matrix library.",
year="2021",
url="https://docs.nvidia.com/cuda/cusparse/index.html"
}

@misc{prefixsum, 
title="Parallel Prefix Sum (Scan) with CUDA",
year="2021", 
url="https://developer.nvidia.com/gpugems/gpugems3/part-vi-gpu-computing/chapter-39-parallel-prefix-sum-scan-cuda"
}

@misc{psc, 
title="PSC Bridges-2 Cluster",
year="2021",
url="https://www.psc.edu/resources/bridges-2/"}

@misc{cooformat,
title=" COO format in scipy",
year="2021",
url="https://docs.scipy.org/doc/scipy/reference/generated/scipy.sparse.coo_matrix.html"}

@article{jia2020improving,
  title={Improving the accuracy, scalability, and performance of graph neural networks with roc},
  author={Jia, Zhihao and Lin, Sina and Gao, Mingyu and Zaharia, Matei and Aiken, Alex},
  journal={Proceedings of Machine Learning and Systems (MLSys)},
  pages={187--198},
  year={2020}
}


@inproceedings{huang2021understanding,
  title={Understanding and bridging the gaps in current GNN performance optimizations},
  author={Huang, Kezhao and Zhai, Jidong and Zheng, Zhen and Yi, Youngmin and Shen, Xipeng},
  booktitle={Proceedings of the 26th ACM SIGPLAN Symposium on Principles and Practice of Parallel Programming},
  pages={119--132},
  year={2021}
}

@article{wang2020gnnadvisor,
  title={GNNAdvisor: An Efficient Runtime System for GNN Acceleration on GPUs},
  author={Wang, Yuke and Feng, Boyuan and Li, Gushu and Li, Shuangchen and Deng, Lei and Xie, Yuan and Ding, Yufei},
  journal={arXiv preprint arXiv:2006.06608},
  year={2020}
}



@article{hu2020open,
  title={Open graph benchmark: Datasets for machine learning on graphs},
  author={Hu, Weihua and Fey, Matthias and Zitnik, Marinka and Dong, Yuxiao and Ren, Hongyu and Liu, Bowen and Catasta, Michele and Leskovec, Jure},
  journal={arXiv preprint arXiv:2005.00687},
  year={2020}
}

@article{li2018learning,
  title={Learning deep generative models of graphs},
  author={Li, Yujia and Vinyals, Oriol and Dyer, Chris and Pascanu, Razvan and Battaglia, Peter},
  journal={arXiv preprint arXiv:1803.03324},
  year={2018}
}

@article{lin2018improved,
  title={Improved Oracle Complexity of Variance Reduced Methods for Nonsmooth Convex Stochastic Composition Optimization},
  author={Lin, Tianyi and Fan, Chenyou and Wang, Mengdi},
  journal={arXiv},
  pages={arXiv--1802},
  year={2018}
}

@inproceedings{vora2016load,
  title={Load the edges you need: A generic I/O optimization for disk-based graph processing},
  author={Vora, Keval and Xu, Guoqing and Gupta, Rajiv},
  booktitle={2016 $\{$USENIX$\}$ Annual Technical Conference ($\{$USENIX$\}$ $\{$ATC$\}$ 16)},
  pages={507--522},
  year={2016}
}

@inproceedings{malewicz2010pregel,
  title={Pregel: a system for large-scale graph processing},
  author={Malewicz, Grzegorz and Austern, Matthew H and Bik, Aart JC and Dehnert, James C and Horn, Ilan and Leiser, Naty and Czajkowski, Grzegorz},
  booktitle={Proceedings of the 2010 ACM SIGMOD International Conference on Management of data},
  pages={135--146},
  year={2010}
}

@inproceedings{zhu2015gridgraph,
  title={GridGraph: Large-scale graph processing on a single machine using 2-level hierarchical partitioning},
  author={Zhu, Xiaowei and Han, Wentao and Chen, Wenguang},
  booktitle={2015 $\{$USENIX$\}$ Annual Technical Conference ($\{$USENIX$\}$ $\{$ATC$\}$ 15)},
  pages={375--386},
  year={2015}
}


@inproceedings{kyrola2012graphchi,
  title={Graphchi: Large-scale graph computation on just a $\{$PC$\}$},
  author={Kyrola, Aapo and Blelloch, Guy and Guestrin, Carlos},
  booktitle={Presented as part of the 10th $\{$USENIX$\}$ Symposium on Operating Systems Design and Implementation ($\{$OSDI$\}$ 12)},
  pages={31--46},
  year={2012}
}

@misc{jiang2021communicationefficient,
      title={Communication-Efficient Sampling for Distributed Training of Graph Convolutional Networks}, 
      author={Peng Jiang and Masuma Akter Rumi},
      year={2021},
      eprint={2101.07706},
      archivePrefix={arXiv},
      primaryClass={cs.LG}
}

@inproceedings{10.5555/3433701.3433796,
author = {Huang, Guyue and Dai, Guohao and Wang, Yu and Yang, Huazhong},
title = {GE-SpMM: General-Purpose Sparse Matrix-Matrix Multiplication on GPUs for Graph Neural Networks},
year = {2020},
booktitle = {Proceedings of the International Conference for High Performance Computing, Networking, Storage and Analysis},
location = {Atlanta, Georgia},
series = {SC '20}
}

@article{zhang2018wonderland,
  title={Wonderland: A novel abstraction-based out-of-core graph processing system},
  author={Zhang, Mingxing and Wu, Yongwei and Zhuo, Youwei and Qian, Xuehai and Huan, Chengying and Chen, Kang},
  journal={ACM SIGPLAN Notices},
  volume={53},
  number={2},
  pages={608--621},
  year={2018},
  publisher={ACM New York, NY, USA}
}


@inproceedings{jiang2020novel,
  title={A novel data transformation and execution strategy for accelerating sparse matrix multiplication on GPUs},
  author={Jiang, Peng and Hong, Changwan and Agrawal, Gagan},
  booktitle={Proceedings of the 25th ACM SIGPLAN Symposium on Principles and Practice of Parallel Programming},
  pages={376--388},
  year={2020}
}


@inproceedings{gharaibeh2012yoke,
  title={A yoke of oxen and a thousand chickens for heavy lifting graph processing},
  author={Gharaibeh, Abdullah and Beltr{\~a}o Costa, Lauro and Santos-Neto, Elizeu and Ripeanu, Matei},
  booktitle={Proceedings of the 21st international conference on Parallel architectures and compilation techniques},
  pages={345--354},
  year={2012}
}

@inproceedings{zhang2017finepar,
  title={Finepar: Irregularity-aware fine-grained workload partitioning on integrated architectures},
  author={Zhang, Feng and Wu, Bo and Zhai, Jidong and He, Bingsheng and Chen, Wenguang},
  booktitle={2017 IEEE/ACM International Symposium on Code Generation and Optimization (CGO)},
  pages={27--38},
  year={2017},
  organization={IEEE}
}

@inproceedings{kaleem2014adaptive,
  title={Adaptive heterogeneous scheduling for integrated GPUs},
  author={Kaleem, Rashid and Barik, Rajkishore and Shpeisman, Tatiana and Hu, Chunling and Lewis, Brian T and Pingali, Keshav},
  booktitle={2014 23rd International Conference on Parallel Architecture and Compilation Techniques (PACT)},
  pages={151--162},
  year={2014},
  organization={IEEE}
}

@inproceedings{kim2016gts,
  title={GTS: A fast and scalable graph processing method based on streaming topology to GPUs},
  author={Kim, Min-Soo and An, Kyuhyeon and Park, Himchan and Seo, Hyunseok and Kim, Jinwook},
  booktitle={Proceedings of the 2016 International Conference on Management of Data},
  pages={447--461},
  year={2016}
}

@inproceedings{sengupta2015graphreduce,
  title={GraphReduce: processing large-scale graphs on accelerator-based systems},
  author={Sengupta, Dipanjan and Song, Shuaiwen Leon and Agarwal, Kapil and Schwan, Karsten},
  booktitle={SC'15: Proceedings of the International Conference for High Performance Computing, Networking, Storage and Analysis},
  pages={1--12},
  year={2015},
  organization={IEEE}
}

@inproceedings{han2017graphie,
  title={Graphie: Large-scale asynchronous graph traversals on just a gpu},
  author={Han, Wei and Mawhirter, Daniel and Wu, Bo and Buland, Matthew},
  booktitle={2017 26th International Conference on Parallel Architectures and Compilation Techniques (PACT)},
  pages={233--245},
  year={2017},
  organization={IEEE}
}

@inproceedings{hu2019efficient,
  title={Efficient smooth non-convex stochastic compositional optimization via stochastic recursive gradient descent},
  author={Hu, Wenqing and Li, Chris Junchi and Lian, Xiangru and Liu, Ji and Yuan, Huizhuo},
  booktitle={Advances in Neural Information Processing Systems},
  pages={6929--6937},
  year={2019}
}


@article{ghadimi2020single,
  title={A Single Timescale Stochastic Approximation Method for Nested Stochastic Optimization},
  author={Ghadimi, Saeed and Ruszczynski, Andrzej and Wang, Mengdi},
  journal={SIAM Journal on Optimization},
  volume={30},
  number={1},
  pages={960--979},
  year={2020},
  publisher={SIAM}
}

@inproceedings{fout2017protein,
  title={Protein interface prediction using graph convolutional networks},
  author={Fout, Alex and Byrd, Jonathon and Shariat, Basir and Ben-Hur, Asa},
  booktitle={Advances in neural information processing systems},
  pages={6530--6539},
  year={2017}
}

@article{bastings2017graph,
  title={Graph convolutional encoders for syntax-aware neural machine translation},
  author={Bastings, Joost and Titov, Ivan and Aziz, Wilker and Marcheggiani, Diego and Sima'an, Khalil},
  journal={arXiv preprint arXiv:1704.04675},
  year={2017}
}

@article{marcheggiani2017encoding,
  title={Encoding sentences with graph convolutional networks for semantic role labeling},
  author={Marcheggiani, Diego and Titov, Ivan},
  journal={arXiv preprint arXiv:1703.04826},
  year={2017}
}

@inproceedings{li2018factorizable,
  title={Factorizable net: an efficient subgraph-based framework for scene graph generation},
  author={Li, Yikang and Ouyang, Wanli and Zhou, Bolei and Shi, Jianping and Zhang, Chao and Wang, Xiaogang},
  booktitle={Proceedings of the European Conference on Computer Vision (ECCV)},
  pages={335--351},
  year={2018}
}

@inproceedings{yang2018graph,
  title={Graph r-cnn for scene graph generation},
  author={Yang, Jianwei and Lu, Jiasen and Lee, Stefan and Batra, Dhruv and Parikh, Devi},
  booktitle={Proceedings of the European conference on computer vision (ECCV)},
  pages={670--685},
  year={2018}
}

@InProceedings{pmlr-v80-chen18p,
  title = 	 {Stochastic Training of Graph Convolutional Networks with Variance Reduction},
  author =       {Chen, Jianfei and Zhu, Jun and Song, Le},
  pages = 	 {942--950},
  year = 	 {2018},
  booktitle = 	 {Proceedings of Machine Learning Research}
}
@article{li2017diffusion,
  title={Diffusion convolutional recurrent neural network: Data-driven traffic forecasting},
  author={Li, Yaguang and Yu, Rose and Shahabi, Cyrus and Liu, Yan},
  journal={arXiv preprint arXiv:1707.01926},
  year={2017}
}

@inproceedings{xu2017scene,
  title={Scene graph generation by iterative message passing},
  author={Xu, Danfei and Zhu, Yuke and Choy, Christopher B and Fei-Fei, Li},
  booktitle={Proceedings of the IEEE conference on computer vision and pattern recognition},
  pages={5410--5419},
  year={2017}
}

@article{zhang2018gaan,
  title={Gaan: Gated attention networks for learning on large and spatiotemporal graphs},
  author={Zhang, Jiani and Shi, Xingjian and Xie, Junyuan and Ma, Hao and King, Irwin and Yeung, Dit-Yan},
  journal={arXiv preprint arXiv:1803.07294},
  year={2018}
}

@misc{gpuscan,
  author = {Harris, Mark and Sengupta, Shubhabrata and Owens, John D.},
  title = {{Parallel Prefix Sum (Scan) with CUDA}},
  howpublished = "\url{https://developer.nvidia.com/gpugems/gpugems3/part-vi-gpu-computing/chapter-39-parallel-prefix-sum-scan-cuda}"
}

@inproceedings{lin2020pagraph,
  title={PaGraph: Scaling GNN training on large graphs via computation-aware caching},
  author={Lin, Zhiqi and Li, Cheng and Miao, Youshan and Liu, Yunxin and Xu, Yinlong},
  booktitle={Proceedings of the 11th ACM Symposium on Cloud Computing},
  pages={401--415},
  year={2020}
}

@inproceedings{recht2012toward,
  title={Toward a noncommutative arithmetic-geometric mean inequality: conjectures, case-studies, and consequences},
  author={Recht, Benjamin and R{\'e}, Christopher},
  booktitle={Conference on Learning Theory},
  pages={11--1},
  year={2012},
  organization={JMLR Workshop and Conference Proceedings}
}
@inproceedings{10.5555/3305381.3305512,
title = {Neural Message Passing for Quantum Chemistry},
author = {Gilmer, Justin and Schoenholz, Samuel S. and Riley, Patrick F. and Vinyals, Oriol and Dahl, George E.},
booktitle = {International Conference on Machine Learning},
pages = {1263–1272},
year = {2017}
}

@inproceedings{ying2018graph,
  title={Graph convolutional neural networks for web-scale recommender systems},
  author={Ying, Rex and He, Ruining and Chen, Kaifeng and Eksombatchai, Pong and Hamilton, William L and Leskovec, Jure},
  booktitle={Proceedings of the 24th ACM SIGKDD International Conference on Knowledge Discovery \& Data Mining},
  pages={974--983},
  year={2018}
}

@inproceedings{ying2018hierarchical,
  title={Hierarchical graph representation learning with differentiable pooling},
  author={Ying, Zhitao and You, Jiaxuan and Morris, Christopher and Ren, Xiang and Hamilton, Will and Leskovec, Jure},
  booktitle={Advances in neural information processing systems},
  pages={4800--4810},
  year={2018}
}
@inproceedings{gilmer2017neural,
title = {Neural Message Passing for Quantum Chemistry},
author = {Gilmer, Justin and Schoenholz, Samuel S. and Riley, Patrick F. and Vinyals, Oriol and Dahl, George E.},
booktitle = {International Conference on Machine Learning},
pages = {1263–1272},
year = {2017}
}

@inproceedings{hamilton2017inductive,
  title={Inductive representation learning on large graphs},
  author={Hamilton, Will and Ying, Zhitao and Leskovec, Jure},
  booktitle={Advances in neural information processing systems},
  pages={1024--1034},
  year={2017}
}